@inproceedings{reyes2010evaluating,
  title={Evaluating Humour Features on Web Comments.},
  author={Reyes, Antonio and Potthast, Martin and Rosso, Paolo and Stein, Benno},
  booktitle={LREC},
  year={2010}
}
@misc{ritchie2006standup,
  title={The standup interactive riddle-builder},
  author={Ritchie, Graeme and Manurung, Ruli and Pain, Helen and Waller, Annalu and O'Mara, Dave},
  year={2006},
  publisher={IEEE COMPUTER SOC 10662 LOS VAQUEROS CIRCLE, PO BOX 3014, LOS ALAMITOS, CA 90720-1314 USA}
}
@misc{stock2006automatic,
  title={Automatic production of humorous expressions for catching the attention and remembering},
  author={Stock, Oliviero and Strapparava, Carlo},
  year={2006},
  publisher={IEEE COMPUTER SOC 10662 LOS VAQUEROS CIRCLE, PO BOX 3014, LOS ALAMITOS, CA 90720-1314 USA}
}
@inproceedings{stuart2012constructions,
  title={Constructions for Joke Recognition},
  author={Stuart, Lauren M},
  booktitle={2012 AAAI Fall Symposium Series},
  year={2012}
}
@inproceedings{zhang2014recognizing,
  title={Recognizing Humor on Twitter},
  author={Zhang, Renxian and Liu, Naishi},
  booktitle={Proceedings of the 23rd ACM International Conference on Conference on Information and Knowledge Management},
  pages={889--898},
  year={2014},
  organization={ACM}
}
@inproceedings{jones2006generating,
  title={Generating query substitutions},
  author={Jones, Rosie and Rey, Benjamin and Madani, Omid and Greiner, Wiley},
  booktitle={Proceedings of the 15th international conference on World Wide Web},
  pages={387--396},
  year={2006},
  organization={ACM}
}
@inproceedings{pacsca2006names,
  title={Names and similarities on the web: fact extraction in the fast lane},
  author={Pa{\c{s}}ca, Marius and Lin, Dekang and Bigham, Jeffrey and Lifchits, Andrei and Jain, Alpa},
  booktitle={Proceedings of the 21st International Conference on Computational Linguistics and the 44th annual meeting of the Association for Computational Linguistics},
  pages={809--816},
  year={2006},
  organization={Association for Computational Linguistics}
}
@inproceedings{ratinov2011local,
  title={Local and global algorithms for disambiguation to wikipedia},
  author={Ratinov, Lev and Roth, Dan and Downey, Doug and Anderson, Mike},
  booktitle={Proceedings of the 49th Annual Meeting of the Association for Computational Linguistics: Human Language Technologies-Volume 1},
  pages={1375--1384},
  year={2011},
  organization={Association for Computational Linguistics}
}
@article{mikolov2013efficient,
  title={Efficient estimation of word representations in vector space},
  author={Mikolov, Tomas and Chen, Kai and Corrado, Greg and Dean, Jeffrey},
  journal={arXiv preprint arXiv:1301.3781},
  year={2013}
}
@inproceedings{huang2012improving,
  title={Improving word representations via global context and multiple word prototypes},
  author={Huang, Eric H and Socher, Richard and Manning, Christopher D and Ng, Andrew Y},
  booktitle={Proceedings of the 50th Annual Meeting of the Association for Computational Linguistics: Long Papers-Volume 1},
  pages={873--882},
  year={2012},
  organization={Association for Computational Linguistics}
}
@inproceedings{turian2010word,
  title={Word representations: a simple and general method for semi-supervised learning},
  author={Turian, Joseph and Ratinov, Lev and Bengio, Yoshua},
  booktitle={Proceedings of the 48th annual meeting of the association for computational linguistics},
  pages={384--394},
  year={2010},
  organization={Association for Computational Linguistics}
}
@article{pennington2014glove,
  title={Glove: Global vectors for word representation},
  author={Pennington, Jeffrey and Socher, Richard and Manning, Christopher D},
  journal={Proceedings of the Empiricial Methods in Natural Language Processing (EMNLP 2014)},
  volume={12},
  year={2014}
}
@inproceedings{mikolov2013distributed,
  title={Distributed representations of words and phrases and their compositionality},
  author={Mikolov, Tomas and Sutskever, Ilya and Chen, Kai and Corrado, Greg S and Dean, Jeff},
  booktitle={Advances in Neural Information Processing Systems},
  pages={3111--3119},
  year={2013}
}
@inproceedings{maas2011learning,
  title={Learning word vectors for sentiment analysis},
  author={Maas, Andrew L and Daly, Raymond E and Pham, Peter T and Huang, Dan and Ng, Andrew Y and Potts, Christopher},
  booktitle={Proceedings of the 49th Annual Meeting of the Association for Computational Linguistics: Human Language Technologies-Volume 1},
  pages={142--150},
  year={2011},
  organization={Association for Computational Linguistics}
}
@inproceedings{socher2011semi,
  title={Semi-supervised recursive autoencoders for predicting sentiment distributions},
  author={Socher, Richard and Pennington, Jeffrey and Huang, Eric H and Ng, Andrew Y and Manning, Christopher D},
  booktitle={Proceedings of the Conference on Empirical Methods in Natural Language Processing},
  pages={151--161},
  year={2011},
  organization={Association for Computational Linguistics}
}
@inproceedings{ganitkevitch2013ppdb,
  title={PPDB: The Paraphrase Database.},
  author={Ganitkevitch, Juri and Van Durme, Benjamin and Callison-Burch, Chris},
  booktitle={HLT-NAACL},
  pages={758--764},
  year={2013}
}
@inproceedings{reyes2010evaluating,
  title={Evaluating Humour Features on Web Comments.},
  author={Reyes, Antonio and Potthast, Martin and Rosso, Paolo and Stein, Benno},
  booktitle={LREC},
  year={2010}
}
@inproceedings{zhang2014recognizing,
  title={Recognizing Humor on Twitter},
  author={Zhang, Renxian and Liu, Naishi},
  booktitle={Proceedings of the 23rd ACM International Conference on Conference on Information and Knowledge Management},
  pages={889--898},
  year={2014},
  organization={ACM}
}
@inproceedings{yu2014improving,
  title={Improving lexical embeddings with semantic knowledge},
  author={Yu, Mo and Dredze, Mark},
  booktitle={Proceedings of the 52nd Annual Meeting of the Association for Computational Linguistics},
  volume={2},
  pages={545--550},
  year={2014}
}
